<?xml version="1.0" encoding="UTF-8"?><collection xmlns="http://www.loc.gov/MARC21/slim"><record><leader>00363nam--2200133-i-4500</leader><controlfield tag="001">000049169</controlfield><controlfield tag="002">20161230</controlfield><controlfield tag="005">20161230201047</controlfield><controlfield tag="008">060222s1000------------r-----000-0-eng-d</controlfield><datafield ind1=" " ind2=" " tag="100"><subfield code="a">Parratt, L.G</subfield></datafield><datafield ind1=" " ind2=" " tag="245"><subfield code="a">Electronic band structure of solids by x-ray spectroscopy</subfield></datafield><datafield ind1=" " ind2=" " tag="260"><subfield code="a">Lancaster, Lancaster Press, Inc., 1959, 30p</subfield></datafield><datafield ind1=" " ind2=" " tag="490"><subfield code="a">Rev.Mod.Phys</subfield></datafield><datafield ind1=" " ind2=" " tag="852"><subfield code="a">15172</subfield></datafield></record></collection>